<?xml version="1.0" encoding="UTF-8"?>
<record xmlns="http://www.loc.gov/MARC21/slim" xmlns:xsi="http://www.w3.org/2001/XMLSchema-instance" xsi:schemaLocation="http://www.loc.gov/MARC21/slim http://www.loc.gov/standards/marcxml/schema/MARC21slim.xsd">
<leader>00000cam a22      a 4500</leader>
<controlfield tag="001">002119293</controlfield>
<controlfield tag="003">NNU</controlfield>
<controlfield tag="005">20151021161739.0</controlfield>
<controlfield tag="008">860908s1891    ua            000 0 arard</controlfield>
<datafield tag="035" ind1=" " ind2=" ">
<subfield code="a">(OCoLC)14194540</subfield>
</datafield>
<datafield tag="040" ind1=" " ind2=" ">
<subfield code="a">IUL</subfield>
<subfield code="b">eng</subfield>
<subfield code="c">IUL</subfield>
<subfield code="d">OCLCG</subfield>
<subfield code="d">PUL</subfield>
<subfield code="d">OCLCQ</subfield>
<subfield code="d">OCLCA</subfield>
<subfield code="d">OCLCQ</subfield>
<subfield code="d">NNU</subfield>
</datafield>
<datafield tag="050" ind1=" " ind2="4">
<subfield code="a">AC106</subfield>
<subfield code="b">.H84 1891</subfield>
</datafield>
<datafield tag="100" ind1="1" ind2=" ">
<subfield code="6">880-01</subfield>
<subfield code="a">Ḥulwānī, Aḥmad ibn Aḥmad,</subfield>
<subfield code="d">1833 or 1834-1890 or 1891.</subfield>
</datafield>
<datafield tag="245" ind1="1" ind2="0">
<subfield code="6">880-02</subfield>
<subfield code="a">Khams rasāʼil /</subfield>
<subfield code="c">taʼlīf Shihāb al-Dīn Aḥmad ibn Aḥmad ibn Ismāʻīl al-Ḥulwānī.</subfield>
</datafield>
<datafield tag="250" ind1=" " ind2=" ">
<subfield code="6">880-03</subfield>
<subfield code="a">al-Ṭabʻah 1.</subfield>
</datafield>
<datafield tag="260" ind1=" " ind2=" ">
<subfield code="6">880-04</subfield>
<subfield code="a">Būlāq, Miṣr :</subfield>
<subfield code="b">al-Maṭbaʻah al-Amīrīyah,</subfield>
<subfield code="c">1308 [1891]</subfield>
</datafield>
<datafield tag="300" ind1=" " ind2=" ">
<subfield code="a">80 pages ;</subfield>
<subfield code="c">19 cm</subfield>
</datafield>
<datafield tag="336" ind1=" " ind2=" ">
<subfield code="a">text</subfield>
<subfield code="b">txt</subfield>
<subfield code="2">rdacontent</subfield>
</datafield>
<datafield tag="337" ind1=" " ind2=" ">
<subfield code="a">unmediated</subfield>
<subfield code="b">n</subfield>
<subfield code="2">rdamedia</subfield>
</datafield>
<datafield tag="338" ind1=" " ind2=" ">
<subfield code="a">volume</subfield>
<subfield code="b">nc</subfield>
<subfield code="2">rdacarrier</subfield>
</datafield>
<datafield tag="505" ind1="0" ind2=" ">
<subfield code="a">1. Qaṭʻ al-lijāj fī al-ijāj -- 2. Ḥalāwat al-ruzz fī ḥall al-lughz -- 3. al-Nāghim min al-Ṣādiḥ wa-al-bāghim -- 4. Manẓūmat al-Qaṭr al-shahdī fī awṣāf al-Mahdī -- 5. Qaṣīdat al-Ḥalwāʼ fī madḥ nabī al-zahrāʼ.</subfield>
</datafield>
<datafield tag="650" ind1=" " ind2="0">
<subfield code="a">Arabic language.</subfield>
</datafield>
<datafield tag="776" ind1="0" ind2="8">
<subfield code="i">Online version:</subfield>
<subfield code="a">Ḥulwānī, Aḥmad ibn Aḥmad, 1833 or 4-1890 or 91.</subfield>
<subfield code="t">Khams rasāʼil.</subfield>
<subfield code="b">al-Ṭabʻah 1.</subfield>
<subfield code="d">Bulāq, Miṣr : al-Maṭbaʻah al-Amīrīyah, 1308 [1891]</subfield>
<subfield code="w">(OCoLC)780215546</subfield>
</datafield>
<datafield tag="880" ind1="1" ind2=" ">
<subfield code="6">100-01/</subfield>
<subfield code="a">حلواني، أحمد بن أحمد،</subfield>
<subfield code="d">91 or 1890-4 or 1833.</subfield>
</datafield>
<datafield tag="880" ind1="1" ind2="0">
<subfield code="6">245-02/</subfield>
<subfield code="a">خمس رسائل /</subfield>
<subfield code="c">تأليف شهاب الدين أحمد بن أحمد بن اسماعيل الحلواني.</subfield>
</datafield>
<datafield tag="880" ind1=" " ind2=" ">
<subfield code="6">250-03/</subfield>
<subfield code="a">الطبعة 1.</subfield>
</datafield>
<datafield tag="880" ind1=" " ind2=" ">
<subfield code="6">260-04/</subfield>
<subfield code="a">بولاق، مصر :</subfield>
<subfield code="b">المطبعة الاميرية،</subfield>
<subfield code="c">1308 [1891]</subfield>
</datafield>
<datafield tag="OWN" ind1=" " ind2=" ">
<subfield code="a">GENERAL</subfield>
</datafield>
<datafield tag="AVA" ind1=" " ind2=" ">
<subfield code="a">NYU50</subfield>
<subfield code="b">BOBST</subfield>
<subfield code="c">Main Collection</subfield>
<subfield code="d">AC106 .H795 1890</subfield>
<subfield code="e">unavailable</subfield>
<subfield code="t">Unavailable</subfield>
<subfield code="f">1</subfield>
<subfield code="g">1</subfield>
<subfield code="h">N</subfield>
<subfield code="i">0</subfield>
<subfield code="j">MAIN</subfield>
<subfield code="k">0</subfield>
</datafield>
</record>
